% Encoding: UTF-8

@Article{9350569,
  author  = {Ahmadi-Asl, Salman and Abukhovich, Stanislav and Asante-Mensah, Maame G. and Cichocki, Andrzej and Phan, Anh Huy and Tanaka, Tohishisa and Oseledets, Ivan},
  journal = {{IEEE} Access},
  title   = {Randomized Algorithms for Computation of Tucker Decomposition and Higher Order {SVD} ({HOSVD})},
  year    = {2021},
  pages   = {28684-28706},
  volume  = {9},
  doi     = {10.1109/ACCESS.2021.3058103},
}

@Article{Minster2020,
  author  = {Minster, Rachel and Saibaba, Arvind K. and Kilmer, Misha E.},
  journal = {SIAM Journal on Mathematics of Data Science},
  title   = {Randomized Algorithms for Low-Rank Tensor Decompositions in the Tucker Format},
  year    = {2020},
  number  = {1},
  pages   = {189-215},
  volume  = {2},
  doi     = {10.1137/19M1261043},
  eprint  = {https://doi.org/10.1137/19M1261043},
  url     = {https://doi.org/10.1137/19M1261043},
}
@inproceedings{
ma2021fast,
title={Fast and accurate randomized algorithms for low-rank tensor decompositions},
author={Linjian Ma and Edgar Solomonik},
booktitle={Advances in Neural Information Processing Systems},
editor={A. Beygelzimer and Y. Dauphin and P. Liang and J. Wortman Vaughan},
year={2021},
url={https://openreview.net/forum?id=B4szfz7W7LU}
}
@Misc{Brett2021,
  author = {Brett, W Bader, Tamara G. Kolda et al.},
  month  = {4},
  title  = {Tensor Toolbox for MATLAB, Version 3.2.1, www.tensortoolbox.org},
  year   = {2021},
  date   = {2021-04-05},
  day    = {5},
}

@Article{Kolda2009,
  author  = {Kolda, Tamara G. and Bader, Brett W.},
  journal = {SIAM Review},
  title   = {Tensor Decompositions and Applications},
  year    = {2009},
  number  = {3},
  pages   = {455-500},
  volume  = {51},
  doi     = {10.1137/07070111X},
  eprint  = {https://doi.org/10.1137/07070111X},
  url     = {https://doi.org/10.1137/07070111X},
}

@Comment{jabref-meta: databaseType:bibtex;}
